@article{who-cvd,
  author    = {World Health Organization},
  title     = {Cardiovascular diseases (CVDs)},
  year      = {2021},
  journal   = {World Health Organization},
  url       = {https://www.who.int/news-room/fact-sheets/detail/cardiovascular-diseases-(cvds)},
  note      = {Accessed: 2025-01-10}
}
@article{hubert1983obesity,
  author    = {Hubert, H. B. and Feinleib, M. and McNamara, P. M. and Castelli, W. P.},
  title     = {Obesity as an independent risk factor for cardiovascular disease: a 26-year follow-up of participants in the Framingham Heart Study},
  journal   = {Circulation},
  year      = {1983},
  volume    = {67},
  number    = {5},
  pages     = {968-977},
  doi       = {10.1161/01.cir.67.5.968},
  pmid      = {6219830},
  url       = {https://doi.org/10.1161/01.cir.67.5.968}
}
@article{lee2012physical-inactivity,
  author    = {Lee, I-Min and Shiroma, Eric J. and Lobelo, Felipe and Puska, Pekka and Blair, Steven N. and Katzmarzyk, Peter T.},
  title     = {Effect of physical inactivity on major non-communicable diseases worldwide: an analysis of burden of disease and life expectancy},
  journal   = {The Lancet},
  year      = {2012},
  volume    = {380},
  number    = {9838},
  pages     = {219-229},
  doi       = {10.1016/S0140-6736(12)61031-9},
  url       = {https://doi.org/10.1016/S0140-6736(12)61031-9}
}